<record><leader>00000cas a22000007a 4500</leader><controlfield tag="001">24632265</controlfield><controlfield tag="008">911028d186018uugaudr ne      0    0eng d</controlfield><datafield ind1=" " ind2=" " tag="010"><subfield code="a">sn 91099179 </subfield></datafield><datafield ind1=" " ind2=" " tag="040"><subfield code="a">NLG</subfield><subfield code="b">eng</subfield><subfield code="c">NLG</subfield><subfield code="d">OCLCQ</subfield></datafield><datafield ind1=" " ind2=" " tag="042"><subfield code="a">msc</subfield></datafield><datafield ind1="0" ind2=" " tag="130"><subfield code="a">Daily locomotive (Atlanta, Ga.)</subfield></datafield><datafield ind1="1" ind2="4" tag="245"><subfield code="a">The Daily locomotive.</subfield></datafield><datafield ind1=" " ind2=" " tag="260"><subfield code="a">Atlanta, Ga. :</subfield><subfield code="b">John H. Seals</subfield></datafield><datafield ind1=" " ind2=" " tag="300"><subfield code="a">v.</subfield></datafield><datafield ind1=" " ind2=" " tag="310"><subfield code="a">Daily</subfield></datafield><datafield ind1="1" ind2=" " tag="362"><subfield code="a">Began in 1860.</subfield></datafield><datafield ind1=" " ind2=" " tag="588"><subfield code="a">Description based on: Vol. 1, no. 188 (Sept. 8, 1860).</subfield></datafield><datafield ind1=" " ind2=" " tag="752"><subfield code="a">United States</subfield><subfield code="b">Georgia</subfield><subfield code="c">Fulton</subfield><subfield code="d">Atlanta.</subfield></datafield></record>